@misc{astro,
  title={Astro},
  howpublished="\url{https://astro.build/}"
}
@misc{git,
  title={git},
  howpublished="\url{https://git-scm.com/}"
}
@misc{hid,
  title={HID},
  howpublished="\url{https://es.wikipedia.org/wiki/HID}"
}
@misc{hidapi,
  title={hidapi},
  howpublished="\url{https://docs.rs/hidapi/latest/hidapi/}"
}
@misc{home-assistant,
  title={Home Assistant},
  howpublished="\url{https://www.home-assistant.io/}"
}
@misc{lvgl,
  author={jpe230},
  title={Añadir LVGL en QMK},
  howpublished="\url{https://github.com/Jpe230/qmk\_firmware/commits/develop\_lvgl}"
}
@misc{nodejs,
  title={Node.js},
  howpublished="\url{https://nodejs.org/en/}"
}
@misc{python,
  title={Python},
  howpublished="\url{https://www.python.org/downloads/}"
}
@misc{svelte,
  title={Svelte},
  howpublished="\url{https://svelte.dev/}"
}
@misc{tauri,
  title={Tauri},
  howpublished="\url{https://tauri.app/}"
}
@misc{tusb-rp2,
  author={noobee},
  title={Añadir HID a RP2040 en MicroPython},
  howpublished="\url{https://github.com/noobee/micropython/tree/usb-hid}",
}
@misc{vcxsrv,
  title={VcXsrv},
  howpublished="\url{https://sourceforge.net/projects/vcxsrv/}"
}

@misc{vscode,
  title={Visual Studio Code},
  howpublished="\url{https://code.visualstudio.com/}"
}

% https://dev.to/chiubaca/how-use-npm-modules-client-side-in-astrojs-3m37